@comment{{This file has been generated by bib2bib 1.95}}

@comment{{Command line: bib2bib -c '$key="paskevich09rr" or $key="ayad10ijcar" or $key="filliatre07cav" or $key="conchon08smt" or 1=2' /home/cmarche/biblio/abbrevs.bib /home/cmarche/biblio/demons.bib /home/cmarche/biblio/demons2.bib /home/cmarche/biblio/demons3.bib /home/cmarche/biblio/team.bib /home/cmarche/biblio/crossrefs.bib /home/cmarche/biblio/crossrefs2.bib}}

@string{sv = {Springer}}

@string{lnai = {Lecture Notes in Artificial Intelligence}}

@string{lncs = {Lecture Notes in Computer Science}}

@inproceedings{conchon08smt,
  author = {Fran\c{c}ois Bobot and Sylvain Conchon and \'Evelyne Contejean
  and St\'ephane Lescuyer},
  title = {{Implementing Polymorphism in SMT solvers}},
  booktitle = {SMT 2008: 6th International Workshop on Satisfiability Modulo},
  pages = {1--5},
  year = 2008,
  editor = {Clark Barrett and Leonardo de Moura},
  volume = 367,
  series = {ACM International Conference Proceedings Series},
  topics = {team,lri},
  type_digiteo = {conf_autre},
  type_publi = {colloque},
  x-equipes = {demons PROVAL},
  x-type = {article},
  x-support = {actes_aux},
  x-cle-support = {SMT},
  x-pdf = {http://www.lri.fr/~conchon/publis/conchon-smt08.pdf},
  url = {http://www.lri.fr/~conchon/publis/conchon-smt08.pdf},
  x-editorial-board = {yes},
  x-international-audience = {yes},
  x-proceedings = {yes},
  isbn = {978-1-60558-440-9}
}

@inproceedings{filliatre07cav,
  author = {Jean-Christophe Filli\^atre and Claude March\'e},
  title = {The {Why/Krakatoa/Caduceus} Platform for Deductive Program
  Verification},
  crossref = {cav07},
  pages = {173--177},
  topics = {team, lri},
  type_digiteo = {conf_isbn},
  type_publi = {icolcomlec},
  x-pdf = {http://www.lri.fr/~filliatr/ftp/publis/cav07.pdf},
  url = {http://www.lri.fr/~filliatr/ftp/publis/cav07.pdf},
  x-equipes = {demons PROVAL EXT},
  x-type = {articlecourt},
  x-support = {actes},
  x-cle-support = {CAV}
}

@techreport{paskevich09rr,
  author = {Andrei Paskevich},
  title = {Algebraic types and pattern matching in the logical language of the {Why} verification platform},
  institution = {INRIA},
  year = 2009,
  topics = {team},
  hal = {http://hal.inria.fr/inria-00439232/en/},
  note = {\url{http://hal.inria.fr/inria-00439232/en/}},
  number = {RR-7128}
}

@inproceedings{ayad10ijcar,
  author = {Ali Ayad and Claude March\'e},
  title = {Multi-Prover Verification of Floating-Point Programs},
  crossref = {ijcar10},
  url = {http://www.lri.fr/~marche/ayad10ijcar.pdf},
  topics = {team},
  type_publi = {icolcomlec}
}

@proceedings{ijcar10,
  title = {International Joint Conference on Automated Reasoning},
  booktitle = {Fifth International Joint Conference on Automated Reasoning},
  year = 2010,
  editor = {J{\"u}rgen Giesl and Reiner H{\"a}hnle},
  address = {Edinburgh, Scotland},
  month = jul,
  series = lnai,
  publisher = sv
}

@proceedings{cav07,
  editor = {Werner Damm and Holger Hermanns},
  title = {Computer Aided Verification},
  booktitle = {19th International Conference on Computer Aided Verification},
  publisher = sv,
  series = lncs,
  volume = 4590,
  address = {Berlin, Germany},
  month = jul,
  year = {2007}
}

